@misc{shital_kat_word_nodate,
	title = {Word {Count} {Program} {With} {MapReduce} and {Java} - {DZone} {Big} {Data}},
	url = {https://dzone.com/articles/word-count-hello-word-program-in-mapreduce},
	abstract = {A software developer provides a tutorial on the basics of using MapReduce for manipulating data, and how to use MapReduce in conjunction with the Java language.},
	language = {en},
	urldate = {2019-04-14},
	journal = {dzone.com},
	author = {{Shital Kat}},
	file = {Snapshot:C\:\\Users\\DrDoom.DrDoom-PC\\Zotero\\storage\\48H8IWFU\\word-count-hello-word-program-in-mapreduce.html:text/html}
}

@misc{p0w_c++_nodate,
	title = {C++ {Remove} punctuation from {String}},
	url = {https://stackoverflow.com/questions/19138983/c-remove-punctuation-from-string},
	urldate = {2019-04-14},
	journal = {Stack Overflow},
	author = {P0W},
	file = {Snapshot:C\:\\Users\\DrDoom.DrDoom-PC\\Zotero\\storage\\9FPVMD54\\c-remove-punctuation-from-string.html:text/html}
}

@misc{sebleier_nltks_nodate,
	title = {{NLTK}'s list of english stopwords},
	url = {https://gist.github.com/sebleier/554280},
	abstract = {GitHub Gist: instantly share code, notes, and snippets.},
	language = {en},
	urldate = {2019-04-14},
	journal = {Gist},
	author = {{sebleier}},
	file = {Snapshot:C\:\\Users\\DrDoom.DrDoom-PC\\Zotero\\storage\\PGRGEDU5\\554280.html:text/html}
}

@misc{blindtextgenerator_||_nodate,
	title = {{\textbar}{\textbar} {Dummy} {Text} {Generator} {\textbar} {Lorem} ipsum for webdesigners {\textbar}{\textbar}},
	url = {https://www.blindtextgenerator.com/lorem-ipsum},
	urldate = {2019-04-14},
	author = {{blindtextgenerator}}
}


@misc{kartik_split_2018,
	title = {Split a sentence into words in {C}++},
	url = {https://www.geeksforgeeks.org/split-a-sentence-into-words-in-cpp/},
	abstract = {Give a sentence, print different words present in it. Words are separated by space. Examples: Input : str = "Geeks for Geeks" Output : Geeks… Read More »},
	language = {en-US},
	urldate = {2019-04-14},
	journal = {GeeksforGeeks},
	author = {{kartik}},
	month = may,
	year = {2018},
	file = {Snapshot:C\:\\Users\\DrDoom.DrDoom-PC\\Zotero\\storage\\WNZNDDTE\\split-a-sentence-into-words-in-cpp.html:text/html}
}


@misc{lw_willingham_top_2015,
	title = {Top 10 {Shakespeare} {Sonnets} {\textbar}},
	url = {https://www.tweetspeakpoetry.com/2015/06/25/top-ten-shakespeare-sonnets/},
	abstract = {Odds are Shakespeare wrote far more than 154 sonnets. But of the 154 that have survived, here are 10 of the best Shakespeare sonnets.},
	language = {en-US},
	urldate = {2019-04-14},
	author = {{LW Willingham} and {William Shakespeare}},
	month = jun,
	year = {2015},
	file = {Snapshot:C\:\\Users\\DrDoom.DrDoom-PC\\Zotero\\storage\\DS8T4C6K\\top-ten-shakespeare-sonnets.html:text/html}
}

@misc{mapreduce,
	title = {phoenix},
	url = {https://github.com/kozyraki/phoenix},
	urldate = {2016-09-23},
	journal = {phoenix},
	month = {September},
	year = {2016},
	author = {Christos Kozyrakis},
}